<collection xmlns="http://www.loc.gov/MARC21/slim"><record><leader>00683nam  2200205   450</leader><controlfield tag="001">117</controlfield><controlfield tag="003">http://montalegre.opacnet.com/OPAC/default.aspx?ContentAreaControl=ShowRegHoldings.ascx&amp;RegNo=16662</controlfield><datafield tag="095" ind1=" " ind2=" "><subfield code="a">PTBN00388700</subfield></datafield><datafield tag="100" ind1=" " ind2=" "><subfield code="a">19920723d1974    m  y0pory010305  ba</subfield></datafield><datafield tag="101" ind1="1" ind2=" "><subfield code="a">por</subfield><subfield code="c">fre</subfield></datafield><datafield tag="102" ind1=" " ind2=" "><subfield code="a">PT</subfield></datafield><datafield tag="200" ind1="1" ind2=" "><subfield code="a">Como o tempo passa...</subfield><subfield code="f">Robert Brasillach</subfield><subfield code="g">trad. Paula Santa Rita</subfield></datafield><datafield tag="210" ind1=" " ind2=" "><subfield code="a">Lisboa</subfield><subfield code="c">Ulisseia</subfield><subfield code="d">1974</subfield></datafield><datafield tag="215" ind1=" " ind2=" "><subfield code="a">398, [1] p.</subfield><subfield code="d">23 cm</subfield></datafield><datafield tag="225" ind1="2" ind2=" "><subfield code="a">Clássicos do romance contemporâneo</subfield><subfield code="v">19</subfield></datafield><datafield tag="304" ind1=" " ind2=" "><subfield code="a">Tít. orig. : Comme le temps passe...</subfield></datafield><datafield tag="675" ind1=" " ind2=" "><subfield code="a">821</subfield><subfield code="v">BN</subfield><subfield code="z">por</subfield></datafield><datafield tag="700" ind1=" " ind2="1"><subfield code="a">Brasiliach</subfield><subfield code="b">Robert</subfield><subfield code="f">1909-1945</subfield></datafield><datafield tag="702" ind1=" " ind2="1"><subfield code="a">Santa Rita</subfield><subfield code="b">Paula</subfield><subfield code="4">730</subfield></datafield><datafield tag="801" ind1=" " ind2="0"><subfield code="a">PT</subfield><subfield code="b">Biblioteca Municipal de Montalegre</subfield><subfield code="g">RPC</subfield></datafield><datafield tag="909" ind1="&#9;" ind2=" "><subfield code="a">1</subfield></datafield><datafield tag="966" ind1=" " ind2=" "><subfield code="a">0008204</subfield><subfield code="l">BMM</subfield><subfield code="s">SCG 821 BRA com 19</subfield></datafield></record></collection>